<?xml version="1.0" encoding="UTF-8"?><collection xmlns="http://www.loc.gov/MARC21/slim"><record><leader>00374nam--2200145-i-4500</leader><controlfield tag="001">000043924</controlfield><controlfield tag="002">20161230</controlfield><controlfield tag="005">20161230201044</controlfield><controlfield tag="008">060222s1000------------r-----000-0-eng-d</controlfield><datafield ind1=" " ind2=" " tag="080"><subfield code="a">621.382.3.04:53.81</subfield></datafield><datafield ind1=" " ind2=" " tag="100"><subfield code="a">Taylor,Davis S</subfield></datafield><datafield ind1=" " ind2=" " tag="245"><subfield code="a">Transistor circuit design tables</subfield></datafield><datafield ind1=" " ind2=" " tag="260"><subfield code="a">London, Butterworths, 1971. 120 P</subfield></datafield><datafield ind1=" " ind2=" " tag="490"><subfield code="a">The Butterworth Group</subfield></datafield><datafield ind1=" " ind2=" " tag="852"><subfield code="a">38456</subfield></datafield></record></collection>